<record><leader>00000cas a22000007a 4500</leader><controlfield tag="001">11320946</controlfield><controlfield tag="008">841029d18711900iauwr ne      0    0eng d</controlfield><datafield ind1=" " ind2=" " tag="010"><subfield code="a">sn 84038476 </subfield></datafield><datafield ind1=" " ind2=" " tag="040"><subfield code="a">NPX</subfield><subfield code="b">eng</subfield><subfield code="c">NPX</subfield><subfield code="d">INP</subfield><subfield code="d">OCLCQ</subfield></datafield><datafield ind1=" " ind2=" " tag="042"><subfield code="a">msc</subfield></datafield><datafield ind1="0" ind2="4" tag="245"><subfield code="a">The Stuart locomotive.</subfield></datafield><datafield ind1=" " ind2=" " tag="260"><subfield code="a">Stuart, Iowa :</subfield><subfield code="b">H.O. Hall,</subfield><subfield code="c">-1900.</subfield></datafield><datafield ind1=" " ind2=" " tag="300"><subfield code="a">v.</subfield></datafield><datafield ind1=" " ind2=" " tag="310"><subfield code="a">Weekly</subfield></datafield><datafield ind1="1" ind2=" " tag="362"><subfield code="a">Began Feb. 23, 1871.</subfield></datafield><datafield ind1="0" ind2=" " tag="362"><subfield code="a">-v. 29, no. 52 (Nov. 30, 1900).</subfield></datafield><datafield ind1=" " ind2=" " tag="500"><subfield code="a">Publisher varies.</subfield></datafield><datafield ind1=" " ind2=" " tag="500"><subfield code="a">Editor: W.P. Moulton, &lt;1876&gt;.</subfield></datafield><datafield ind1=" " ind2=" " tag="588"><subfield code="a">Description based on: Vol. 1, no. 2 (Mar. 2, 1871).</subfield></datafield><datafield ind1=" " ind2=" " tag="752"><subfield code="a">United States</subfield><subfield code="b">Iowa</subfield><subfield code="c">Guthrie</subfield><subfield code="d">Stuart.</subfield></datafield><datafield ind1="0" ind2="5" tag="780"><subfield code="t">Stuart ledger</subfield><subfield code="w">(DLC)sn 87057923</subfield></datafield><datafield ind1="0" ind2="0" tag="785"><subfield code="t">Stuart herald</subfield><subfield code="w">(DLC)sn 87057635</subfield></datafield></record>